% Webpages
@online{fibonacci-c,
	title = {{C Program For Fibonacci Numbers}},
	shorttitle = {C Program For Fibonacci Numbers},
	url = {https://www.geeksforgeeks.org/c-program-for-fibonacci-numbers/},
	urldate = {2023-01-06},
	journal = {geeksforgeeks.org},
	author = {GeeksforGeeks},
	date = {2022-10-18}
}

@online{fibonacci-python,
	title = {Python Program for Fibonacci numbers},
	shorttitle = {Python Program for Fibonacci numbers},
	url = {https://www.geeksforgeeks.org/python-program-for-program-for-fibonacci-numbers-2/},
	urldate = {2023-01-06},
	journal = {geeksforgeeks.org},
	author = {GeeksforGeeks},
	date = {2022-12-20}
}
